<record><leader>00000cas a22000007a 4500</leader><controlfield tag="001">21378122</controlfield><controlfield tag="008">900416d1900190uaruwr ne      0    0eng d</controlfield><datafield ind1=" " ind2=" " tag="010"><subfield code="a">sn 90050150 </subfield></datafield><datafield ind1=" " ind2=" " tag="040"><subfield code="a">ANU</subfield><subfield code="b">eng</subfield><subfield code="c">ANU</subfield><subfield code="d">OCLCQ</subfield></datafield><datafield ind1=" " ind2=" " tag="042"><subfield code="a">msc</subfield></datafield><datafield ind1="0" ind2=" " tag="130"><subfield code="a">Pope County record (Russellville, Ark. : 1900)</subfield></datafield><datafield ind1="1" ind2="0" tag="245"><subfield code="a">Pope County record.</subfield></datafield><datafield ind1=" " ind2=" " tag="260"><subfield code="a">Russellville, Ark. :</subfield><subfield code="b">C.W. Dodd</subfield></datafield><datafield ind1=" " ind2=" " tag="300"><subfield code="a">v.</subfield></datafield><datafield ind1=" " ind2=" " tag="310"><subfield code="a">Weekly</subfield></datafield><datafield ind1="1" ind2=" " tag="362"><subfield code="a">Began in 1900.</subfield></datafield><datafield ind1=" " ind2=" " tag="588"><subfield code="a">Description based on: Vol. 1, no. 27 (June 29, 1901).</subfield></datafield><datafield ind1=" " ind2=" " tag="752"><subfield code="a">United States</subfield><subfield code="b">Arkansas</subfield><subfield code="c">Pope</subfield><subfield code="d">Russellville.</subfield></datafield><datafield ind1="0" ind2="0" tag="785"><subfield code="t">Record (Russellville, Ark.)</subfield><subfield code="w">(DLC)sn 90050151</subfield></datafield></record>